@article{ebert2002augmented,
	title={An augmented fast marching method for computing skeletons and centerlines},
	author={Ebert, D and Brunet, P and Navazo, I},
	year={2002}
}

@inproceedings{strzodka2004generalized,
	title={Generalized distance transforms and skeletons in graphics hardware},
	author={Strzodka, Robert and Telea, Alexandru},
	booktitle={Proceedings of the Sixth Joint Eurographics-IEEE TCVG conference on Visualization},
	pages={221--230},
	year={2004},
	organization={Eurographics Association}
}

@article{volkau2005geometric,
	title={Geometric modeling of the human normal cerebral arterial system},
	author={Volkau, Ihar and Zheng, Weili and Baimouratov, Rafail and Aziz, Aamer and Nowinski, Wieslaw Lucjan},
	journal={IEEE transactions on medical imaging},
	volume={24},
	number={4},
	pages={529--539},
	year={2005},
	publisher={IEEE}
}

@inproceedings{sibbing2012topology,
	title={Topology aware quad dominant meshing for vascular structures},
	author={Sibbing, Dominik and Ebke, Hans-Christian and Esser, Kai Ingo and Kobbelt, Leif},
	booktitle={Workshop on Mesh Processing in Medical Image Analysis},
	pages={147--158},
	year={2012},
	organization={Springer}
}

@article{oeltze2005visualization,
	title={Visualization of vasculature with convolution surfaces: Method, validation and evaluation},
	author={OELTZE, Steffen and PREIM, Bernhard},
	journal={IEEE transactions on medical imaging},
	volume={24},
	number={4},
	pages={540--548},
	year={2005},
	publisher={Institute of Electrical and Electronics Engineers}
}

@inproceedings{kretschmer2012reliable,
	title={Reliable Adaptive Modelling of Vascular Structures with Non-Circular Cross-Sections},
	author={Kretschmer, Jan and Beck, Thomas and Tietjen, Christian and Preim, Bernhard and Stamminger, Marc},
	booktitle={Computer Graphics Forum},
	volume={31},
	number={3pt2},
	pages={1055--1064},
	year={2012},
	organization={Wiley Online Library}
}

@article{wu2010scale,
	title={Scale-adaptive surface modeling of vascular structures},
	author={Wu, Jianhuang and Wei, Mingqiang and Li, Yonghong and Ma, Xin and Jia, Fucang and Hu, Qingmao},
	journal={Biomedical engineering online},
	volume={9},
	number={1},
	pages={75},
	year={2010},
	publisher={BioMed Central}
}