@inproceedings{bruckner2009instant,
  title={Instant volume visualization using maximum intensity difference accumulation},
  author={Bruckner, Stefan and Gr{\"o}ller, M Eduard},
  booktitle={Computer Graphics Forum},
  volume={28},
  number={3},
  pages={775--782},
  year={2009},
  organization={Wiley Online Library}
}

@inproceedings{glasser2010automatic,
  title={Automatic transfer function specification for visual emphasis of coronary artery plaque},
  author={Gla{\ss}er, Sylvia and Oeltze, Steffen and Hennemuth, Anja and Kubisch, Christoph and Mahnken, A and Wilhelmsen, Skadi and Preim, Bernhard},
  booktitle={Computer Graphics Forum},
  volume={29},
  number={1},
  pages={191--201},
  year={2010},
  organization={Wiley Online Library}
}
